<?xml version="1.0" encoding="UTF-8"?><collection xmlns="http://www.loc.gov/MARC21/slim"><record><leader>00491nam--2200169-i-4500</leader><controlfield tag="001">000047357</controlfield><controlfield tag="002">20161230</controlfield><controlfield tag="005">20170115232317</controlfield><controlfield tag="008">060222s1000------------r-----000-0-eng-d</controlfield><datafield ind1=" " ind2=" " tag="040"><subfield code="a">IFIN-HH</subfield></datafield><datafield ind1=" " ind2=" " tag="080"><subfield code="a">538.12+537.212</subfield></datafield><datafield ind1="1" ind2=" " tag="100"><subfield code="a">Weber, Ernst</subfield></datafield><datafield ind1="1" ind2="0" tag="245"><subfield code="a">Electromagnetic fields. Theory and applications</subfield><subfield code="b">Vol. I: Mapping of fields</subfield><subfield code="c">Ernst Weber</subfield></datafield><datafield ind1=" " ind2=" " tag="260"><subfield code="a">New York</subfield><subfield code="b">John Wiley &amp; Sons, Inc</subfield><subfield code="c">1950</subfield></datafield><datafield ind1=" " ind2=" " tag="300"><subfield code="a">XIV/XVI/+590 p</subfield></datafield><datafield ind1=" " ind2=" " tag="852"><subfield code="a">2679</subfield><subfield code="c">537:538</subfield></datafield><datafield ind1=" " ind2=" " tag="CAT"><subfield code="a">SYS</subfield><subfield code="c">20170115</subfield><subfield code="h">232317</subfield></datafield></record></collection>